<record xmlns="http://www.loc.gov/MARC21/slim" xmlns:xsi="http://www.w3.org/2001/XMLSchema-instance" xsi:schemaLocation="http://www.loc.gov/MARC21/slim http://www.loc.gov/standards/marcxml/schema/MARC21slim.xsd"><leader>00000cam a  00000Ia     </leader><controlfield tag="001">1000686</controlfield><controlfield tag="008">740906s1972    sp            000 0 spa d</controlfield><datafield tag="010" ind1=" " ind2=" "><subfield code="a">   74357424 </subfield></datafield><datafield tag="029" ind1="1" ind2=" "><subfield code="a">AU@</subfield><subfield code="b">000028090919</subfield></datafield><datafield tag="040" ind1=" " ind2=" "><subfield code="a">NAM</subfield><subfield code="b">eng</subfield><subfield code="c">NAM</subfield><subfield code="d">GZM</subfield><subfield code="d">OCL</subfield><subfield code="d">OCLCQ</subfield></datafield><datafield tag="041" ind1="1" ind2=" "><subfield code="a">spa</subfield><subfield code="h">fre</subfield></datafield><datafield tag="050" ind1=" " ind2="4"><subfield code="a">PQ2637.A9236</subfield><subfield code="b">C5</subfield></datafield><datafield tag="100" ind1="1" ind2=" "><subfield code="a">Sauvajon, Marc-Gilbert.</subfield></datafield><datafield tag="245" ind1="1" ind2="0"><subfield code="a">Chao! /</subfield><subfield code="c">Comedia en dos actos ... de Marc-Gilbert Sauvajon. Adaptación castellana de Vicente Balart.</subfield></datafield><datafield tag="260" ind1=" " ind2=" "><subfield code="a">[Madrid] :</subfield><subfield code="b">Escelicer,</subfield><subfield code="c">[1972]</subfield></datafield><datafield tag="300" ind1=" " ind2=" "><subfield code="a">85 pages ;</subfield><subfield code="c">16 cm.</subfield></datafield><datafield tag="336" ind1=" " ind2=" "><subfield code="a">text</subfield><subfield code="b">txt</subfield><subfield code="2">rdacontent</subfield></datafield><datafield tag="337" ind1=" " ind2=" "><subfield code="a">unmediated</subfield><subfield code="b">n</subfield><subfield code="2">rdamedia</subfield></datafield><datafield tag="338" ind1=" " ind2=" "><subfield code="a">volume</subfield><subfield code="b">nc</subfield><subfield code="2">rdacarrier</subfield></datafield><datafield tag="490" ind1="0" ind2=" "><subfield code="a">Colección Teatro ;</subfield><subfield code="v">734</subfield></datafield><datafield tag="700" ind1="1" ind2=" "><subfield code="a">Balart, Vicente.</subfield></datafield><datafield tag="776" ind1="0" ind2="8"><subfield code="i">Online version:</subfield><subfield code="a">Sauvajon, Marc-Gilbert.</subfield><subfield code="t">Chao!</subfield><subfield code="d">[Madrid] Escelicer, [1972]</subfield><subfield code="w">(OCoLC)659093459</subfield></datafield></record>