	
<record xmlns="http://www.loc.gov/MARC21/slim" xmlns:xsi="http://www.w3.org/2001/XMLSchema-instance" xsi:schemaLocation="http://www.loc.gov/MARC21/slim http://www.loc.gov/standards/marcxml/schema/MARC21slim.xsd"><leader>00000cam a  00000Ia     </leader><controlfield tag="001">10010674</controlfield><controlfield tag="008">831013s1978    ck       b    000 0 spa d</controlfield><datafield tag="040" ind1=" " ind2=" "><subfield code="a">CLU</subfield><subfield code="b">eng</subfield><subfield code="c">CLU</subfield><subfield code="d">CUY</subfield><subfield code="d">OCLCQ</subfield><subfield code="d">OCLCF</subfield><subfield code="d">OCLCQ</subfield></datafield><datafield tag="043" ind1=" " ind2=" "><subfield code="a">s-ck---</subfield></datafield><datafield tag="050" ind1="1" ind2="4"><subfield code="a">JL2881</subfield><subfield code="b">.R63</subfield></datafield><datafield tag="082" ind1="0" ind2="4"><subfield code="a">320.9861</subfield><subfield code="2">19</subfield></datafield><datafield tag="100" ind1="1" ind2=" "><subfield code="a">Rojas H., Fernando.</subfield></datafield><datafield tag="245" ind1="1" ind2="3"><subfield code="a">El Estado en los ochenta, un régimen policivo? /</subfield><subfield code="c">[Fernando Rojas H.].</subfield></datafield><datafield tag="260" ind1=" " ind2=" "><subfield code="a">[Bogotá] :</subfield><subfield code="b">Centro de Investigación y Educación Popular,</subfield><subfield code="c">1978.</subfield></datafield><datafield tag="300" ind1=" " ind2=" "><subfield code="a">187 pages ;</subfield><subfield code="c">21 cm.</subfield></datafield><datafield tag="336" ind1=" " ind2=" "><subfield code="a">text</subfield><subfield code="b">txt</subfield><subfield code="2">rdacontent</subfield></datafield><datafield tag="337" ind1=" " ind2=" "><subfield code="a">unmediated</subfield><subfield code="b">n</subfield><subfield code="2">rdamedia</subfield></datafield><datafield tag="338" ind1=" " ind2=" "><subfield code="a">volume</subfield><subfield code="b">nc</subfield><subfield code="2">rdacarrier</subfield></datafield><datafield tag="490" ind1="1" ind2=" "><subfield code="a">Serie Controversia ;</subfield><subfield code="v">no. 82-83</subfield></datafield><datafield tag="504" ind1=" " ind2=" "><subfield code="a">Includes bibliographical references.</subfield></datafield><datafield tag="648" ind1=" " ind2="7"><subfield code="a">Since 1946</subfield><subfield code="2">fast</subfield></datafield><datafield tag="650" ind1=" " ind2="7"><subfield code="a">Political science.</subfield><subfield code="2">fast</subfield><subfield code="0">(OCoLC)fst01069781</subfield></datafield><datafield tag="651" ind1=" " ind2="0"><subfield code="a">Colombia</subfield><subfield code="x">Politics and government</subfield><subfield code="y">1946-</subfield></datafield><datafield tag="651" ind1=" " ind2="7"><subfield code="a">Colombia.</subfield><subfield code="2">fast</subfield><subfield code="0">(OCoLC)fst01205916</subfield></datafield><datafield tag="776" ind1="0" ind2="8"><subfield code="i">Online version:</subfield><subfield code="a">Rojas H., Fernando.</subfield><subfield code="t">Estado en los ochenta, un régimen policivo?</subfield><subfield code="d">[Bogotá] : Centro de Investigación y Educación Popular, 1978</subfield><subfield code="w">(OCoLC)757184712</subfield></datafield><datafield tag="830" ind1=" " ind2="0"><subfield code="a">Serie Controversia ;</subfield><subfield code="v">no. 82-83.</subfield></datafield></record>