	
<record xmlns="http://www.loc.gov/MARC21/slim" xmlns:xsi="http://www.w3.org/2001/XMLSchema-instance" xsi:schemaLocation="http://www.loc.gov/MARC21/slim http://www.loc.gov/standards/marcxml/schema/MARC21slim.xsd"><leader>00000cam a  00000 a     </leader><controlfield tag="001">10017901</controlfield><controlfield tag="008">830921q19801982cl af         000 0cspa  </controlfield><datafield tag="010" ind1=" " ind2=" "><subfield code="a">   82162054 </subfield></datafield><datafield tag="019" ind1=" " ind2=" "><subfield code="a">8375713</subfield></datafield><datafield tag="040" ind1=" " ind2=" "><subfield code="a">DLC</subfield><subfield code="b">eng</subfield><subfield code="c">DLC</subfield><subfield code="d">OCL</subfield><subfield code="d">DIBAM</subfield><subfield code="d">OCLCG</subfield><subfield code="d">OCLCO</subfield><subfield code="d">OCLCF</subfield><subfield code="d">OCLCQ</subfield></datafield><datafield tag="043" ind1=" " ind2=" "><subfield code="a">s-cl---</subfield></datafield><datafield tag="050" ind1="0" ind2="0"><subfield code="a">PQ7954</subfield><subfield code="b">.L3 1980</subfield></datafield><datafield tag="082" ind1="0" ind2="0"><subfield code="a">860</subfield><subfield code="2">19</subfield></datafield><datafield tag="100" ind1="1" ind2=" "><subfield code="a">Lafourcade, Enrique,</subfield><subfield code="d">1927-</subfield></datafield><datafield tag="245" ind1="1" ind2="0"><subfield code="a">Animales literarios de Chile /</subfield><subfield code="c">Enrique Lafourcade.</subfield></datafield><datafield tag="260" ind1=" " ind2=" "><subfield code="a">Santiago, Chile :</subfield><subfield code="b">Ediciones de La Fourcade,</subfield><subfield code="c">[between 1980 and 1982]</subfield></datafield><datafield tag="300" ind1=" " ind2=" "><subfield code="a">236 pages, [32] pages of plates :</subfield><subfield code="b">illustrations ;</subfield><subfield code="c">18 cm</subfield></datafield><datafield tag="336" ind1=" " ind2=" "><subfield code="a">text</subfield><subfield code="b">txt</subfield><subfield code="2">rdacontent</subfield></datafield><datafield tag="337" ind1=" " ind2=" "><subfield code="a">unmediated</subfield><subfield code="b">n</subfield><subfield code="2">rdamedia</subfield></datafield><datafield tag="338" ind1=" " ind2=" "><subfield code="a">volume</subfield><subfield code="b">nc</subfield><subfield code="2">rdacarrier</subfield></datafield><datafield tag="650" ind1=" " ind2="0"><subfield code="a">Authors, Chilean</subfield><subfield code="v">Biography.</subfield></datafield><datafield tag="650" ind1=" " ind2="7"><subfield code="a">Authors, Chilean.</subfield><subfield code="2">fast</subfield><subfield code="0">(OCoLC)fst00821887</subfield></datafield><datafield tag="650" ind1=" " ind2="7"><subfield code="a">AUTORES CHILENOS.</subfield><subfield code="2">renib</subfield></datafield><datafield tag="655" ind1=" " ind2="7"><subfield code="a">Biography.</subfield><subfield code="2">fast</subfield><subfield code="0">(OCoLC)fst01423686</subfield></datafield></record>