	
<record xmlns="http://www.loc.gov/MARC21/slim" xmlns:xsi="http://www.w3.org/2001/XMLSchema-instance" xsi:schemaLocation="http://www.loc.gov/MARC21/slim http://www.loc.gov/standards/marcxml/schema/MARC21slim.xsd"><leader>00000cam a  00000 a     </leader><controlfield tag="001">10043696</controlfield><controlfield tag="008">830628s1981    po       b    001 0 por  </controlfield><datafield tag="010" ind1=" " ind2=" "><subfield code="a">   83166990 </subfield></datafield><datafield tag="040" ind1=" " ind2=" "><subfield code="a">DLC</subfield><subfield code="b">eng</subfield><subfield code="c">DLC</subfield><subfield code="d">BOS</subfield><subfield code="d">OCLCO</subfield><subfield code="d">OCLCF</subfield><subfield code="d">OCLCQ</subfield></datafield><datafield tag="043" ind1=" " ind2=" "><subfield code="a">lnaz---</subfield><subfield code="a">e-po---</subfield></datafield><datafield tag="050" ind1="1" ind2="4"><subfield code="a">PQ9401.A8</subfield><subfield code="b">P32 1981</subfield></datafield><datafield tag="082" ind1="0" ind2=" "><subfield code="a">869.1009/94699</subfield><subfield code="2">20</subfield></datafield><datafield tag="100" ind1="1" ind2=" "><subfield code="a">Pavão Júnior, José de Almeida.</subfield></datafield><datafield tag="245" ind1="1" ind2="0"><subfield code="a">Popular e popularizante /</subfield><subfield code="c">José de Almeida Pavão Jr.</subfield></datafield><datafield tag="260" ind1=" " ind2=" "><subfield code="a">Ponta Delgada :</subfield><subfield code="b">Universidade dos Açores,</subfield><subfield code="c">1981.</subfield></datafield><datafield tag="300" ind1=" " ind2=" "><subfield code="a">95 pages ;</subfield><subfield code="c">24 cm</subfield></datafield><datafield tag="336" ind1=" " ind2=" "><subfield code="a">text</subfield><subfield code="b">txt</subfield><subfield code="2">rdacontent</subfield></datafield><datafield tag="337" ind1=" " ind2=" "><subfield code="a">unmediated</subfield><subfield code="b">n</subfield><subfield code="2">rdamedia</subfield></datafield><datafield tag="338" ind1=" " ind2=" "><subfield code="a">volume</subfield><subfield code="b">nc</subfield><subfield code="2">rdacarrier</subfield></datafield><datafield tag="500" ind1=" " ind2=" "><subfield code="a">"Estudo apresentado nos termos do disposto na alínea b) do no. 3 do Art. 8o. do Decreto-lei no. 388/70, de 18 de agosto, para o doutoramento em filologia românica"--Page [4].</subfield></datafield><datafield tag="504" ind1=" " ind2=" "><subfield code="a">Includes bibliographical references (pages 87-91) and index.</subfield></datafield><datafield tag="650" ind1=" " ind2="0"><subfield code="a">Portuguese poetry</subfield><subfield code="z">Azores</subfield><subfield code="x">History and criticism.</subfield></datafield><datafield tag="650" ind1=" " ind2="0"><subfield code="a">Folk poetry, Portuguese</subfield><subfield code="z">Azores</subfield><subfield code="x">History and criticism.</subfield></datafield><datafield tag="650" ind1=" " ind2="0"><subfield code="a">Portuguese poetry</subfield><subfield code="z">Portugal</subfield><subfield code="x">History and criticism.</subfield></datafield><datafield tag="650" ind1=" " ind2="0"><subfield code="a">Folk poetry, Portuguese</subfield><subfield code="z">Portugal</subfield><subfield code="x">History and criticism.</subfield></datafield><datafield tag="650" ind1=" " ind2="0"><subfield code="a">Popular literature</subfield><subfield code="z">Portugal</subfield><subfield code="x">History and criticism.</subfield></datafield><datafield tag="650" ind1=" " ind2="0"><subfield code="a">Popular literature</subfield><subfield code="z">Azores</subfield><subfield code="x">History and criticism.</subfield></datafield><datafield tag="650" ind1=" " ind2="7"><subfield code="a">Folk poetry, Portuguese.</subfield><subfield code="2">fast</subfield><subfield code="0">(OCoLC)fst00929619</subfield></datafield><datafield tag="650" ind1=" " ind2="7"><subfield code="a">Popular literature.</subfield><subfield code="2">fast</subfield><subfield code="0">(OCoLC)fst01071405</subfield></datafield><datafield tag="650" ind1=" " ind2="7"><subfield code="a">Portuguese poetry.</subfield><subfield code="2">fast</subfield><subfield code="0">(OCoLC)fst01072610</subfield></datafield><datafield tag="651" ind1=" " ind2="7"><subfield code="a">Azores.</subfield><subfield code="2">fast</subfield><subfield code="0">(OCoLC)fst01202649</subfield></datafield><datafield tag="651" ind1=" " ind2="7"><subfield code="a">Portugal.</subfield><subfield code="2">fast</subfield><subfield code="0">(OCoLC)fst01208476</subfield></datafield><datafield tag="655" ind1=" " ind2="7"><subfield code="a">Criticism, interpretation, etc.</subfield><subfield code="2">fast</subfield><subfield code="0">(OCoLC)fst01411635</subfield></datafield></record>