	
<record xmlns="http://www.loc.gov/MARC21/slim" xmlns:xsi="http://www.w3.org/2001/XMLSchema-instance" xsi:schemaLocation="http://www.loc.gov/MARC21/slim http://www.loc.gov/standards/marcxml/schema/MARC21slim.xsd"><leader>00000cam a  00000 a     </leader><controlfield tag="001">10046413</controlfield><controlfield tag="008">831005s1982    ag       b    000 0 spa  </controlfield><datafield tag="010" ind1=" " ind2=" "><subfield code="a">   83165473 </subfield></datafield><datafield tag="019" ind1=" " ind2=" "><subfield code="a">491866454</subfield></datafield><datafield tag="020" ind1=" " ind2=" "><subfield code="z">9500023020</subfield></datafield><datafield tag="029" ind1="1" ind2=" "><subfield code="a">NLGGC</subfield><subfield code="b">082955360</subfield></datafield><datafield tag="029" ind1="1" ind2=" "><subfield code="a">ZWZ</subfield><subfield code="b">076988279</subfield></datafield><datafield tag="040" ind1=" " ind2=" "><subfield code="a">DLC</subfield><subfield code="b">eng</subfield><subfield code="c">DLC</subfield><subfield code="d">CRU</subfield><subfield code="d">OCLCO</subfield><subfield code="d">OCLCF</subfield><subfield code="d">OCLCQ</subfield></datafield><datafield tag="043" ind1=" " ind2=" "><subfield code="a">s-ag---</subfield></datafield><datafield tag="050" ind1="1" ind2="4"><subfield code="a">JL2081</subfield><subfield code="b">.A4 1982</subfield></datafield><datafield tag="082" ind1="0" ind2=" "><subfield code="a">361.6/1/0982</subfield><subfield code="2">19</subfield></datafield><datafield tag="100" ind1="1" ind2=" "><subfield code="a">Amadeo, Eduardo.</subfield></datafield><datafield tag="245" ind1="1" ind2="4"><subfield code="a">Una propuesta justicialista /</subfield><subfield code="c">Eduardo Amadeo.</subfield></datafield><datafield tag="250" ind1=" " ind2=" "><subfield code="a">1a ed.</subfield></datafield><datafield tag="260" ind1=" " ind2=" "><subfield code="a">Buenos Aires :</subfield><subfield code="b">El Cid Editor :</subfield><subfield code="b">Fundación para la Democracia en Argentina,</subfield><subfield code="c">1982.</subfield></datafield><datafield tag="300" ind1=" " ind2=" "><subfield code="a">74 pages ;</subfield><subfield code="c">20 cm.</subfield></datafield><datafield tag="336" ind1=" " ind2=" "><subfield code="a">text</subfield><subfield code="b">txt</subfield><subfield code="2">rdacontent</subfield></datafield><datafield tag="337" ind1=" " ind2=" "><subfield code="a">unmediated</subfield><subfield code="b">n</subfield><subfield code="2">rdamedia</subfield></datafield><datafield tag="338" ind1=" " ind2=" "><subfield code="a">volume</subfield><subfield code="b">nc</subfield><subfield code="2">rdacarrier</subfield></datafield><datafield tag="490" ind1="1" ind2=" "><subfield code="a">Colección Propuestas</subfield></datafield><datafield tag="500" ind1=" " ind2=" "><subfield code="a">On cover: Sin censura.</subfield></datafield><datafield tag="504" ind1=" " ind2=" "><subfield code="a">Includes bibliographical references.</subfield></datafield><datafield tag="648" ind1=" " ind2="7"><subfield code="a">1955 - 1983</subfield><subfield code="2">fast</subfield></datafield><datafield tag="650" ind1=" " ind2="7"><subfield code="a">Economic policy.</subfield><subfield code="2">fast</subfield><subfield code="0">(OCoLC)fst00902025</subfield></datafield><datafield tag="650" ind1=" " ind2="7"><subfield code="a">Political science.</subfield><subfield code="2">fast</subfield><subfield code="0">(OCoLC)fst01069781</subfield></datafield><datafield tag="650" ind1=" " ind2="7"><subfield code="a">Social policy.</subfield><subfield code="2">fast</subfield><subfield code="0">(OCoLC)fst01122738</subfield></datafield><datafield tag="651" ind1=" " ind2="0"><subfield code="a">Argentina</subfield><subfield code="x">Politics and government</subfield><subfield code="y">1955-1983.</subfield></datafield><datafield tag="651" ind1=" " ind2="0"><subfield code="a">Argentina</subfield><subfield code="x">Economic policy.</subfield></datafield><datafield tag="651" ind1=" " ind2="0"><subfield code="a">Argentina</subfield><subfield code="x">Social policy.</subfield></datafield><datafield tag="651" ind1=" " ind2="7"><subfield code="a">Argentina.</subfield><subfield code="2">fast</subfield><subfield code="0">(OCoLC)fst01205614</subfield></datafield><datafield tag="776" ind1="0" ind2="8"><subfield code="i">Online version:</subfield><subfield code="a">Amadeo, Eduardo.</subfield><subfield code="t">Propuesta justicialista.</subfield><subfield code="b">1a ed.</subfield><subfield code="d">Buenos Aires : El Cid Editor : Fundación para la Democracia en Argentina, 1982</subfield><subfield code="w">(OCoLC)657016105</subfield></datafield><datafield tag="830" ind1=" " ind2="0"><subfield code="a">Colección Propuestas.</subfield></datafield></record>