	
<record xmlns="http://www.loc.gov/MARC21/slim" xmlns:xsi="http://www.w3.org/2001/XMLSchema-instance" xsi:schemaLocation="http://www.loc.gov/MARC21/slim http://www.loc.gov/standards/marcxml/schema/MARC21slim.xsd"><leader>00000cam a  000001      </leader><controlfield tag="001">1005636</controlfield><controlfield tag="008">740912s1968    ag a     b    000 0 spa  </controlfield><datafield tag="010" ind1=" " ind2=" "><subfield code="a">   72259471 </subfield></datafield><datafield tag="029" ind1="1" ind2=" "><subfield code="a">AU@</subfield><subfield code="b">000025986347</subfield></datafield><datafield tag="040" ind1=" " ind2=" "><subfield code="a">DLC</subfield><subfield code="b">eng</subfield><subfield code="c">OSU</subfield><subfield code="d">DLC</subfield><subfield code="d">OCLCQ</subfield><subfield code="d">BLBSF</subfield><subfield code="d">OCLCF</subfield><subfield code="d">OCLCQ</subfield><subfield code="d">OCLCO</subfield></datafield><datafield tag="043" ind1=" " ind2=" "><subfield code="a">s-ag---</subfield></datafield><datafield tag="050" ind1="0" ind2="0"><subfield code="a">HD5660.A7</subfield><subfield code="b">P5</subfield></datafield><datafield tag="082" ind1="1" ind2="4"><subfield code="a">658.3152</subfield></datafield><datafield tag="100" ind1="1" ind2=" "><subfield code="a">Pina, Rolando E.</subfield></datafield><datafield tag="245" ind1="1" ind2="0"><subfield code="a">Participación del trabajador en la gestión de la empresa;</subfield><subfield code="b">los consejos de empresas</subfield><subfield code="c">[por] Rolando E. Pina.</subfield></datafield><datafield tag="260" ind1=" " ind2=" "><subfield code="a">Buenos Aires,</subfield><subfield code="b">Ediciones Depalma,</subfield><subfield code="c">1968.</subfield></datafield><datafield tag="300" ind1=" " ind2=" "><subfield code="a">viii, 104 pages</subfield><subfield code="b">illustrations</subfield><subfield code="c">23 cm</subfield></datafield><datafield tag="336" ind1=" " ind2=" "><subfield code="a">text</subfield><subfield code="b">txt</subfield><subfield code="2">rdacontent</subfield></datafield><datafield tag="337" ind1=" " ind2=" "><subfield code="a">unmediated</subfield><subfield code="b">n</subfield><subfield code="2">rdamedia</subfield></datafield><datafield tag="338" ind1=" " ind2=" "><subfield code="a">volume</subfield><subfield code="b">nc</subfield><subfield code="2">rdacarrier</subfield></datafield><datafield tag="504" ind1=" " ind2=" "><subfield code="a">Includes bibliographical references.</subfield></datafield><datafield tag="650" ind1=" " ind2="0"><subfield code="a">Management</subfield><subfield code="x">Employee participation</subfield><subfield code="z">Argentina.</subfield></datafield><datafield tag="650" ind1=" " ind2="0"><subfield code="a">Labor</subfield><subfield code="x">Religious aspects</subfield><subfield code="x">Christianity.</subfield></datafield><datafield tag="650" ind1="1" ind2="4"><subfield code="a">Co-gestão.</subfield></datafield><datafield tag="650" ind1="0" ind2="4"><subfield code="a">Administração de Empresas.</subfield></datafield><datafield tag="650" ind1="0" ind2="4"><subfield code="a">Igreja e Trabalho.</subfield></datafield><datafield tag="650" ind1=" " ind2="7"><subfield code="a">Labor</subfield><subfield code="x">Religious aspects</subfield><subfield code="x">Christianity.</subfield><subfield code="2">fast</subfield><subfield code="0">(OCoLC)fst01715689</subfield></datafield><datafield tag="650" ind1=" " ind2="7"><subfield code="a">Management</subfield><subfield code="x">Employee participation.</subfield><subfield code="2">fast</subfield><subfield code="0">(OCoLC)fst01007168</subfield></datafield><datafield tag="651" ind1=" " ind2="7"><subfield code="a">Argentina.</subfield><subfield code="2">fast</subfield><subfield code="0">(OCoLC)fst01205614</subfield></datafield></record>