	
<record xmlns="http://www.loc.gov/MARC21/slim" xmlns:xsi="http://www.w3.org/2001/XMLSchema-instance" xsi:schemaLocation="http://www.loc.gov/MARC21/slim http://www.loc.gov/standards/marcxml/schema/MARC21slim.xsd"><leader>00000cam a  00000I      </leader><controlfield tag="001">10066466</controlfield><controlfield tag="008">831027s1967    sp       d    000 0 spa d</controlfield><datafield tag="040" ind1=" " ind2=" "><subfield code="a">NPL</subfield><subfield code="b">eng</subfield><subfield code="c">NPL</subfield><subfield code="d">OCLCQ</subfield><subfield code="d">OCLCF</subfield><subfield code="d">OCLCQ</subfield></datafield><datafield tag="041" ind1="0" ind2=" "><subfield code="a">spaeng</subfield></datafield><datafield tag="082" ind1=" " ind2="4"><subfield code="a">463</subfield><subfield code="b">C812</subfield></datafield><datafield tag="245" ind1="0" ind2="0"><subfield code="a">Corona diccionario ingles-español, español-ingles.</subfield></datafield><datafield tag="260" ind1=" " ind2=" "><subfield code="a">Leon,</subfield><subfield code="b">Editorial Everest</subfield><subfield code="c">[1967]</subfield></datafield><datafield tag="300" ind1=" " ind2=" "><subfield code="a">719 pages.</subfield></datafield><datafield tag="336" ind1=" " ind2=" "><subfield code="a">text</subfield><subfield code="b">txt</subfield><subfield code="2">rdacontent</subfield></datafield><datafield tag="337" ind1=" " ind2=" "><subfield code="a">unmediated</subfield><subfield code="b">n</subfield><subfield code="2">rdamedia</subfield></datafield><datafield tag="338" ind1=" " ind2=" "><subfield code="a">volume</subfield><subfield code="b">nc</subfield><subfield code="2">rdacarrier</subfield></datafield><datafield tag="490" ind1="0" ind2=" "><subfield code="a">Diccionarios Everest</subfield></datafield><datafield tag="650" ind1=" " ind2="0"><subfield code="a">Spanish language</subfield><subfield code="v">Dictionaries.</subfield></datafield><datafield tag="650" ind1=" " ind2="7"><subfield code="a">Spanish language.</subfield><subfield code="2">fast</subfield><subfield code="0">(OCoLC)fst01128292</subfield></datafield><datafield tag="655" ind1=" " ind2="7"><subfield code="a">Dictionaries.</subfield><subfield code="2">fast</subfield><subfield code="0">(OCoLC)fst01423826</subfield></datafield></record>