	
<record xmlns="http://www.loc.gov/MARC21/slim" xmlns:xsi="http://www.w3.org/2001/XMLSchema-instance" xsi:schemaLocation="http://www.loc.gov/MARC21/slim http://www.loc.gov/standards/marcxml/schema/MARC21slim.xsd"><leader>00000cam a  00000 a     </leader><controlfield tag="001">10067357</controlfield><controlfield tag="008">900320s1983    pr a     b    000 0 spa  </controlfield><datafield tag="010" ind1=" " ind2=" "><subfield code="a">   84103144 </subfield></datafield><datafield tag="020" ind1=" " ind2=" "><subfield code="a">8449960940</subfield></datafield><datafield tag="020" ind1=" " ind2=" "><subfield code="a">9788449960949</subfield></datafield><datafield tag="040" ind1=" " ind2=" "><subfield code="a">DLC</subfield><subfield code="b">eng</subfield><subfield code="c">DLC</subfield><subfield code="d">OCLCG</subfield><subfield code="d">OCLCO</subfield><subfield code="d">OCLCF</subfield><subfield code="d">OCLCQ</subfield></datafield><datafield tag="043" ind1=" " ind2=" "><subfield code="a">nwpr---</subfield></datafield><datafield tag="050" ind1="0" ind2="0"><subfield code="a">HN233.5</subfield><subfield code="b">.C37 1983</subfield></datafield><datafield tag="082" ind1="0" ind2="0"><subfield code="a">306/.097295</subfield><subfield code="2">20</subfield></datafield><datafield tag="100" ind1="1" ind2=" "><subfield code="a">Cartagena, Rafael,</subfield><subfield code="d">1948-</subfield></datafield><datafield tag="245" ind1="1" ind2="0"><subfield code="a">Puerto Rico enfermo /</subfield><subfield code="c">Rafael Cartagena ; prólogo por Jaime Benítez.</subfield></datafield><datafield tag="260" ind1=" " ind2=" "><subfield code="a">Rio Piedras, P.R. :</subfield><subfield code="b">Editorial Cultural,</subfield><subfield code="c">1983.</subfield></datafield><datafield tag="300" ind1=" " ind2=" "><subfield code="a">191 pages :</subfield><subfield code="b">illustrations ;</subfield><subfield code="c">21 cm</subfield></datafield><datafield tag="336" ind1=" " ind2=" "><subfield code="a">text</subfield><subfield code="b">txt</subfield><subfield code="2">rdacontent</subfield></datafield><datafield tag="337" ind1=" " ind2=" "><subfield code="a">unmediated</subfield><subfield code="b">n</subfield><subfield code="2">rdamedia</subfield></datafield><datafield tag="338" ind1=" " ind2=" "><subfield code="a">volume</subfield><subfield code="b">nc</subfield><subfield code="2">rdacarrier</subfield></datafield><datafield tag="504" ind1=" " ind2=" "><subfield code="a">Includes bibliographical references.</subfield></datafield><datafield tag="648" ind1=" " ind2="7"><subfield code="a">Since 1952</subfield><subfield code="2">fast</subfield></datafield><datafield tag="650" ind1=" " ind2="0"><subfield code="a">Education</subfield><subfield code="z">Puerto Rico.</subfield></datafield><datafield tag="650" ind1=" " ind2="7"><subfield code="a">Education.</subfield><subfield code="2">fast</subfield><subfield code="0">(OCoLC)fst00902499</subfield></datafield><datafield tag="650" ind1=" " ind2="7"><subfield code="a">Social history.</subfield><subfield code="2">fast</subfield><subfield code="0">(OCoLC)fst01122498</subfield></datafield><datafield tag="651" ind1=" " ind2="0"><subfield code="a">Puerto Rico</subfield><subfield code="x">Social conditions</subfield><subfield code="y">1952-</subfield></datafield><datafield tag="651" ind1=" " ind2="7"><subfield code="a">Puerto Rico.</subfield><subfield code="2">fast</subfield><subfield code="0">(OCoLC)fst01205432</subfield></datafield><datafield tag="776" ind1="0" ind2="8"><subfield code="i">Online version:</subfield><subfield code="a">Cartagena, Rafael, 1948-</subfield><subfield code="t">Puerto Rico enfermo.</subfield><subfield code="d">Rio Piedras, P.R. : Editorial Cultural, 1983</subfield><subfield code="w">(OCoLC)613074335</subfield></datafield></record>