	
<record xmlns="http://www.loc.gov/MARC21/slim" xmlns:xsi="http://www.w3.org/2001/XMLSchema-instance" xsi:schemaLocation="http://www.loc.gov/MARC21/slim http://www.loc.gov/standards/marcxml/schema/MARC21slim.xsd"><leader>00000cam a  00000K      </leader><controlfield tag="001">10085177</controlfield><controlfield tag="008">831102s1951    bl            000 0 por d</controlfield><datafield tag="040" ind1=" " ind2=" "><subfield code="a">RML</subfield><subfield code="b">eng</subfield><subfield code="c">RML</subfield><subfield code="d">OCLCQ</subfield></datafield><datafield tag="100" ind1="1" ind2=" "><subfield code="a">Oliveira, Candido de.</subfield></datafield><datafield tag="245" ind1="1" ind2="0"><subfield code="a">Contribuicao ao estudo do carcinoma primitivo do figado;</subfield><subfield code="b">tese apresentada para concurso de docencia livre de Anatomia e Fisiologia Patologicas da Faculdade Fluminense de Medicina.</subfield></datafield><datafield tag="260" ind1=" " ind2=" "><subfield code="a">Rio de Janeiro,</subfield><subfield code="b">Rodrigues,</subfield><subfield code="c">1951.</subfield></datafield><datafield tag="300" ind1=" " ind2=" "><subfield code="a">65 pages</subfield></datafield><datafield tag="336" ind1=" " ind2=" "><subfield code="a">text</subfield><subfield code="b">txt</subfield><subfield code="2">rdacontent</subfield></datafield><datafield tag="337" ind1=" " ind2=" "><subfield code="a">unmediated</subfield><subfield code="b">n</subfield><subfield code="2">rdamedia</subfield></datafield><datafield tag="338" ind1=" " ind2=" "><subfield code="a">volume</subfield><subfield code="b">nc</subfield><subfield code="2">rdacarrier</subfield></datafield></record>