	
<record xmlns="http://www.loc.gov/MARC21/slim" xmlns:xsi="http://www.w3.org/2001/XMLSchema-instance" xsi:schemaLocation="http://www.loc.gov/MARC21/slim http://www.loc.gov/standards/marcxml/schema/MARC21slim.xsd"><leader>00000cam a  00000Ia     </leader><controlfield tag="001">10085221</controlfield><controlfield tag="008">831102r19821873nyu     a     000 0 spa d</controlfield><datafield tag="040" ind1=" " ind2=" "><subfield code="a">IXA</subfield><subfield code="b">eng</subfield><subfield code="c">IXA</subfield><subfield code="d">OCL</subfield><subfield code="d">OCLCQ</subfield><subfield code="d">OCLCF</subfield><subfield code="d">OCLCQ</subfield><subfield code="d">OCLCO</subfield></datafield><datafield tag="043" ind1=" " ind2=" "><subfield code="a">nwcu---</subfield></datafield><datafield tag="100" ind1="1" ind2=" "><subfield code="a">Norton, Francis L.</subfield></datafield><datafield tag="245" ind1="1" ind2="0"><subfield code="a">Cuba</subfield><subfield code="h">[microform] /</subfield><subfield code="c">F. Norton.</subfield></datafield><datafield tag="260" ind1=" " ind2=" "><subfield code="a">[New York] :</subfield><subfield code="b">[publisher not identified],</subfield><subfield code="c">[1873]</subfield></datafield><datafield tag="300" ind1=" " ind2=" "><subfield code="a">15 pages</subfield></datafield><datafield tag="336" ind1=" " ind2=" "><subfield code="a">text</subfield><subfield code="b">txt</subfield><subfield code="2">rdacontent</subfield></datafield><datafield tag="337" ind1=" " ind2=" "><subfield code="a">microform</subfield><subfield code="b">h</subfield><subfield code="2">rdamedia</subfield></datafield><datafield tag="338" ind1=" " ind2=" "><subfield code="a">microfilm reel</subfield><subfield code="b">hd</subfield><subfield code="2">rdacarrier</subfield></datafield><datafield tag="500" ind1=" " ind2=" "><subfield code="a">Communication addressed to Charles Sumner, a United States senator for Massachusetts.</subfield></datafield><datafield tag="533" ind1=" " ind2=" "><subfield code="a">Microfilm.</subfield><subfield code="b">New York :</subfield><subfield code="c">Public Library,</subfield><subfield code="d">1982.</subfield><subfield code="e">1 microfilm reel ; 35 mm.</subfield></datafield><datafield tag="611" ind1="2" ind2="7"><subfield code="a">Insurrection (Cuba :</subfield><subfield code="d">1868-1878)</subfield><subfield code="2">fast</subfield><subfield code="0">(OCoLC)fst01353308</subfield></datafield><datafield tag="648" ind1=" " ind2="7"><subfield code="a">1868 - 1878</subfield><subfield code="2">fast</subfield></datafield><datafield tag="651" ind1=" " ind2="0"><subfield code="a">Cuba</subfield><subfield code="x">History</subfield><subfield code="y">Insurrection, 1868-1878.</subfield></datafield><datafield tag="651" ind1=" " ind2="7"><subfield code="a">Cuba.</subfield><subfield code="2">fast</subfield><subfield code="0">(OCoLC)fst01205805</subfield></datafield><datafield tag="655" ind1=" " ind2="7"><subfield code="a">History.</subfield><subfield code="2">fast</subfield><subfield code="0">(OCoLC)fst01411628</subfield></datafield></record>	
